@inproceedings{andoni2006near,
  title={Near-optimal hashing algorithms for approximate nearest neighbor in high dimensions},
  author={Andoni, Alexandr and Indyk, Piotr},
  booktitle={Foundations of Computer Science, 2006. FOCS'06. 47th Annual IEEE Symposium on},
  pages={459--468},
  year={2006},
  organization={IEEE}
}


@inproceedings{bawa2005lsh,
  title={LSH forest: self-tuning indexes for similarity search},
  author={Bawa, Mayank and Condie, Tyson and Ganesan, Prasanna},
  booktitle={Proceedings of the 14th international conference on World Wide Web},
  pages={651--660},
  year={2005},
  organization={ACM}
}